@ARTICLE{Ake,
    author = {Gonzalo Álvarez and Dolores de la Guía and Fausto Montoya and Alberto Peinado},
    title = {Akelarre: a new Block Cipher Algorithm},
    publisher = {Departamento de Tratamiento de la Información y Codificación.},
    location = {Serrano 144, 28006 Madrid.},
    year = {1996}
}

@ARTICLE{CRIAke,
    author = {Niels Ferguson and Bruce Schneier},
    title = {Cryptanalysis of Akelarre},
    year = {1997},
    location = {Kingston, Ontario},
    pages = {14}
}

@ONLINE {github,
    title = {Репозиторий с исходными кодами},
    language = {english},
    hyphenation = {english},
    url = {https://github.com/justslavic/akelarre_cipher},
    urldate = {2017-12-30},
}







